@MISC{React,
	title =        "{\it ReactJS}",
    url =          "https://facebook.github.io/react/",
    note =         "[Online; navštíveno 05.04.2017]"
   }
   @MISC{oVirt,
	title =        "{\it Ovirt}",
    url =          "https://www.ovirt.org/",
    note =         "[Online; navštíveno 10.04.2017]"
   }
   @MISC{Redux,
	title =        "{\it Redux}",
    url =          "http://redux.js.org/",
    note =         "[Online; navštíveno 10.04.2017]"
   }
   @MISC{Patternfly,
	title =        "{\it Patternfly}",
    url =          "https://www.patternfly.org/",
    note =         "[Online; navštíveno 10.04.2017]"
   }
   @MISC{jQuery,
	title =        "{\it jQuery}",
    url =          "https://jquery.com/",
    note =         "[Online; navštíveno 10.04.2017]"
   }
   @MISC{moVirt,
	title =        "{\it moVirt}",
    url =          "https://www.ovirt.org/develop/projects/project-movirt/",
    note =         "[Online; navštíveno 10.04.2017]"
   }
   @MISC{Ansible,
	title =        "{\it Ansible module for oVirt/RHEVM}",
    url =          "http://docs.ansible.com/ansible/ovirt_module.html",
    note =         "[Online; navštíveno 10.04.2017]"
   }
   @MISC{SPICE,
	title =        "{\it SPICE}",
    url =          "https://www.spice-space.org/",
    note =         "[Online; navštíveno 10.04.2017]"
   }
   @MISC{VNC,
	title =        "{\it VNC}",
    url =          "http://www.hep.phy.cam.ac.uk/vnc_docs/howitworks.html",
    note =         "[Online; navštíveno 10.04.2017]"
   }